@article{halko2011finding,
  title={Finding structure with randomness: Probabilistic algorithms for constructing approximate matrix decompositions},
  author={Halko, Nathan and Martinsson, Per-Gunnar and Tropp, Joel A},
  journal={SIAM review},
  volume={53},
  number={2},
  pages={217--288},
  year={2011},
  publisher={SIAM}
}

@article{epperly2024xtrace,
  title={Xtrace: Making the most of every sample in stochastic trace estimation},
  author={Epperly, Ethan N and Tropp, Joel A and Webber, Robert J},
  journal={SIAM Journal on Matrix Analysis and Applications},
  volume={45},
  number={1},
  pages={1--23},
  year={2024},
  publisher={SIAM}
}